<?xml version="1.0" encoding="UTF-8"?><collection xmlns="http://www.loc.gov/MARC21/slim"><record><leader>00591nam--2200181-i-4500</leader><controlfield tag="001">000017279</controlfield><controlfield tag="002">20161230</controlfield><controlfield tag="005">20170128193026</controlfield><controlfield tag="008">060222s1000------------r-----000-0-eng-d</controlfield><datafield ind1=" " ind2=" " tag="020"><subfield code="a">92-826-3</subfield></datafield><datafield ind1=" " ind2=" " tag="080"><subfield code="a">621.039.7:539.163</subfield></datafield><datafield ind1=" " ind2=" " tag="245"><subfield code="a">Study, definition and realization of amobile monitoring unit for radioactive waste. Characterization of sradioactive waste forms. A series of final reports (1985-89)</subfield></datafield><datafield ind1=" " ind2=" " tag="260"><subfield code="a">Luxembourg</subfield><subfield code="c">1992</subfield></datafield><datafield ind1=" " ind2=" " tag="300"><subfield code="a">59 p</subfield></datafield><datafield ind1=" " ind2=" " tag="490"><subfield code="a">Nuclear Science And Technology</subfield></datafield><datafield ind1=" " ind2=" " tag="700"><subfield code="a">Romeyer-Dherbey, Jaques</subfield></datafield><datafield ind1=" " ind2=" " tag="852"><subfield code="a">80180</subfield></datafield><datafield ind1=" " ind2=" " tag="CAT"><subfield code="a">SYS</subfield><subfield code="c">20170128</subfield><subfield code="h">193026</subfield></datafield></record></collection>